/media/KINGSTON/complex-networks/complex-networks.bib