@MISC{Jeong2000,
    author = {H. Jeong and B. Tombor and R. Albert and Z. N. Oltvai and A.-L. Barab√°si},
    title = {The Large-Scale Organization of Metabolic Networks},
    year = {2000}
}
